
@article{fratantoni_description_2015,
	title = {Description of oceanographic conditions on the northeast {U}.{S}. continental shelf during 2014},
	url = {https://repository.library.noaa.gov/view/noaa/5047},
	language = {en},
	urldate = {2025-05-27},
	author = {Fratantoni, Paula Sue and Holzwarth, Tamara and Taylor, Maureen H.},
	year = {2015}
}

@article{tabandera_black_2024,
	title = {Black sea bass ecosystem considerations and indicator development},
	copyright = {Creative Commons Zero v1.0 Universal},
	url = {https://repository.library.noaa.gov/view/noaa/66453},
	doi = {10.25923/EZ9G-AF05},
	language = {en},
	urldate = {2025-05-27},
	author = {Tabandera, Ricky and Tyrell, Abigail and McMahan, Marissa and Perez, Patricia},
	year = {2024},
}

@article{jeanmichel_copernicus_2021,
	title = {The {Copernicus} {Global} 1/12° {Oceanic} and {Sea} {Ice} {GLORYS12} {Reanalysis}},
	volume = {9},
	issn = {2296-6463},
	url = {https://www.frontiersin.org/articles/10.3389/feart.2021.698876/full},
	doi = {10.3389/feart.2021.698876},
	urldate = {2025-05-27},
	journal = {Frontiers in Earth Science},
	author = {Jean-Michel, Lellouche and Eric, Greiner and Romain, Bourdallé-Badie and Gilles, Garric and Angélique, Melet and Marie, Drévillon and Clément, Bricaud and Mathieu, Hamon and Olivier, Le Galloudec and Charly, Regnier and Tony, Candela and Charles-Emmanuel, Testut and Florent, Gasparin and Giovanni, Ruggiero and Mounir, Benkiran and Yann, Drillet and Pierre-Yves, Le Traon},
	month = jul,
	year = {2021},
	pages = {698876},
}

@techreport{nefsc_report_2023,
	title = {Report of the {Black} {Sea} {Bass} ({Centropristis} striata) {Research} {Track} {Stock} {Assessment} {Working} {Group}},
	url = {https://d23h0vhsm26o6d.cloudfront.net/11a.-2023_BSB_UNIT_RTWG_Report_V2_12_2_2023.pdf},
	author = {NEFSC},
	year = {2023},
	pages = {140},
}

@techreport{mafmc_black_2024,
	title = {Black {Sea} {Bass} {Fishery} {Information} {Document}},
	url = {https://static1.squarespace.com/static/511cdc7fe4b00307a2628ac6/t/6683032fa306b9070227348b/1719862063436/2024_BSB-fishery-info-doc.pdf},
	author = {MAFMC},
	year = {2024},
	pages = {18},
}

@techreport{mafmc_summer_2024,
	title = {Summer {Flounder}, {Scup}, and {Black} {Sea} {Bass} {Fishery} {Performance} {Report}},
	url = {https://static1.squarespace.com/static/511cdc7fe4b00307a2628ac6/t/6697d5dde4c39b20168045b7/1721226717179/b_SFSBSB-FPR-Jul-2024.pdf},
	author = {MAFMC},
	year = {2024},
	pages = {17},
}

@techreport{mafmc_summer_2024b,
	title = {Summer {Flounder}, {Scup}, and {Black} {Sea} {Bass} {Monitoring} {Committee} ({MC}) {November} 19, 2024 {Webinar} {Meeting} {Summary} 2025 {Recreational} {Management} {Measures}},
	url = {https://static1.squarespace.com/static/511cdc7fe4b00307a2628ac6/t/674755f846e791454569703f/1732728312681/01_2025+SF+Rec+Measures.pdf},
	author = {MAFMC},
	year = {2024},
	pages = {41},
}

@techreport{mafmc_midatlantic_2024,
	title = {Mid-{Atlantic} {EAFM} {Risk} {Assessment}: 2024},
	url = {https://static1.squarespace.com/static/511cdc7fe4b00307a2628ac6/t/6747560a3cf66936045e5547/1732728332670/05_EAFM+Risk+Assessment.pdf},
	author = {MAFMC},
	year = {2024},
	pages = {59},
}
